% Encoding: UTF-8


@Book{Freund:mathstat:1992,
  Title                    = {Mathematical Statistics},
  Author                   = {Freund, J. E.},
  Publisher                = {Prentice Hall},
  Year                     = {1992},
  Address                  = {Upper Saddle River, NJ},
  Edition                  = {5}
}

@Book{Hogg:mathstat:6e:2005,
  Title                    = {Introduction to Mathematical Statistics},
  Author                   = {Hogg, R.V. and Craig, A. T. and McKean, J. W.},
  Publisher                = {Prentice Hall},
  Year                     = {2005},
  Address                  = {Upper Saddle River, NJ},
  Edition                  = {6}
}

@Book{Hogg:probstat:2001,
  Title                    = {Probability and Statistical Inference},
  Author                   = {Hogg, R.V. and Tanis, E. A.},
  Publisher                = {Prentice Hall},
  Year                     = {2001},
  Address                  = {Upper Saddle River, NJ},
  Edition                  = {6}
}

@Book{Mood:mathstat:1974,
  Title                    = {Introduction to the Theory of Statistics},
  Author                   = {Mood, A. M. and Graybill, F. A. and Boes, D. C.},
  Publisher                = {McGraw-Hill},
  Year                     = {1974},
  Address                  = {Boston},
  Edition                  = {3}
}

@Manual{R,
  Title                    = {R: A Language and Environment for Statistical Computing},
  Address                  = {Vienna, Austria},
  Author                   = {{R Core Team}},
  Organization             = {R Foundation for Statistical Computing},
  Year                     = {2018},
  URL                      = {https://www.R-project.org/}
}

@Book{Wackerly:mathstat:7e:2008,
  Title                    = {Mathematical Statistics with Applications},
  Author                   = {Wackerly, D. and Mendenhall, W. and Scheaffer, R.L.},
  Publisher                = {Thomson Brooks/Cole},
  Year                     = {2007},
  Address                  = {Belmont, CA},
  Edition                  = {7},
  ISBN                     = {9781111798789},
  URL                      = {https://books.google.ca/books?id=lTgGAAAAQBAJ}
}

@Book{Wackerly:solutions:7e:2008,
  Title                    = {Student's solution manual to Mathematical Statistics with Applications},
  Author                   = {Wackerly, D. and Mendenhall, W. and Scheaffer, R.L.},
  Publisher                = {Thomson Brooks/Cole},
  Year                     = {2007},
  Address                  = {Belmont, CA},
  Edition                  = {7},
  ISBN                     = {9781111798789},
  URL                      = {https://books.google.ca/books?id=lTgGAAAAQBAJ}
}

